@phdthesis{homenc,
    author = {Craig Gentry},
    title = {A fully homomorphic encryption scheme},
    school = {Stanford University},
    year = 2009,
    note = {\url{crypto.stanford.edu/craig}}
}

% Lastpass 泄露事件
@misc{lastpass,
  author       = {Karim Toubba},
  howpublished = {\url{https://blog.lastpass.com/2022/12/notice-of-recent-security-incident/}},
  title        = {Notice of Recent Security Incident},
  year         = {2022}
}

@misc{gov_pay,
  author       = {中国人民银行},
  howpublished = {\url{http://www.gov.cn/gongbao/content/2016/content_5061699.htm}},
  title        = {非银行支付机构网络支付业务管理办法},
  year         = {2015}
}

% 云计算安全风险与安全技术研究
@article{cloudrisk,
  author = {赵斌}, 
  title = {云计算安全风险与安全技术研究}, 
  journal = {电脑知识与技术}, 
  volume = {15}, 
  number = {27-28}, 
  year = {2019}, 
  issn = {1009-3044}, 
  doi ={10.14004/j.cnki.ckt.2019.0251} 
}

@mastersthesis{mobilepaymentrisk, 
  author = {车生宗}, 
  title = {支付宝公司移动支付风险控制研究}, 
  school = {兰州财经大学}, 
  year = {2016} 
}

@inproceedings{Mouchet2020LattigoAM,
  title={Lattigo: a Multiparty Homomorphic Encryption Library in Go},
  author={Christian Mouchet and Jean-Philippe Bossuat and Juan Ram{\'o}n Troncoso-Pastoriza and Jean-Pierre Hubaux},
  year={2020}
}

@misc{lattigoRepo,
  howpublished = {\url{https://github.com/tuneinsight/lattigo}},
  title        = {lattigo},
  year         = {2023}
}

@article{FHEResearch, 
  author = {李增鹏,马春光 and 周红生}, 
  title = {全同态加密研究}, 
  journal = {密码学报}, 
  volume = {4}, 
  number = {561-578}, 
  year = {2017}, 
  issn = {2095-7025}, 
  doi ={10.13868/j.cnki.jcr.000208} 
}

@article{rivest1978data,
  title={On data banks and privacy homomorphisms},
  author={Rivest, Ronald L and Adleman, Len and Dertouzos, Michael L and others},
  journal={Foundations of secure computation},
  volume={4},
  number={11},
  pages={169--180},
  year={1978},
  publisher={Citeseer}
}

@article{elgamal1985public,
  title={A public key cryptosystem and a signature scheme based on discrete logarithms},
  author={ElGamal, Taher},
  journal={IEEE transactions on information theory},
  volume={31},
  number={4},
  pages={469--472},
  year={1985},
  publisher={IEEE}
}

@inproceedings{paillier1999public,
  title={Public-key cryptosystems based on composite degree residuosity classes},
  author={Paillier, Pascal},
  booktitle={Advances in Cryptology—EUROCRYPT’99: International Conference on the Theory and Application of Cryptographic Techniques Prague, Czech Republic, May 2--6, 1999 Proceedings 18},
  pages={223--238},
  year={1999},
  organization={Springer}
}

@article{rivest1978method,
  title={A method for obtaining digital signatures and public-key cryptosystems},
  author={Rivest, Ronald L and Shamir, Adi and Adleman, Leonard},
  journal={Communications of the ACM},
  volume={21},
  number={2},
  pages={120--126},
  year={1978},
  publisher={ACM New York, NY, USA}
}

@misc{sealcrypto,
title = {{M}icrosoft {SEAL} (release 4.1)},
howpublished = {\url{https://github.com/Microsoft/SEAL}},
month = jan,
year = 2023,
note = {Microsoft Research, Redmond, WA.},
key = {SEAL}
}

@misc{OpenFHE,
      author = {Ahmad Al Badawi and Jack Bates and Flavio Bergamaschi and David Bruce Cousins and Saroja Erabelli and Nicholas Genise and Shai Halevi and Hamish Hunt and Andrey Kim and Yongwoo Lee and Zeyu Liu and Daniele Micciancio and Ian Quah and Yuriy Polyakov and Saraswathy R.V. and Kurt Rohloff and Jonathan Saylor and Dmitriy Suponitsky and Matthew Triplett and Vinod Vaikuntanathan and Vincent Zucca},
      title = {OpenFHE: Open-Source Fully Homomorphic Encryption Library},
      howpublished = {Cryptology ePrint Archive, Paper 2022/915},
      year = {2022},
      note = {\url{https://eprint.iacr.org/2022/915}},
      url = {https://eprint.iacr.org/2022/915}
}

@mastersthesis{ZQL-SEAL,
  author = {张奇林}, 
  title = {基于SEAL库的全同态加密应用与研究}, 
  school = {西安电子科技大学}, 
  year = {2022}
}

% HEAAN
@misc{cryptoeprint:2016/421,
      author = {Jung Hee Cheon and Andrey Kim and Miran Kim and Yongsoo Song},
      title = {Homomorphic Encryption for Arithmetic of Approximate Numbers},
      howpublished = {Cryptology ePrint Archive, Paper 2016/421},
      year = {2016},
      note = {\url{https://eprint.iacr.org/2016/421}},
      url = {https://eprint.iacr.org/2016/421}
}

@article{FL_HE, 
  author = {刘艺璇,陈红,刘宇涵 and 李翠平}, 
  title = {联邦学习中的隐私保护技术}, 
  journal = {软件学报}, 
  volume = {33}, 
  number = {1057-1092}, 
  year = {2022}, 
  issn = {1000-9825}, 
  doi ={10.13328/j.cnki.jos.006446} 
}

@article{ACT, 
  author = {姜轶涵,李勇 and 朱岩}, 
  title = {ACT:可审计的机密交易方案},
  journal = {计算机研究与发展}, 
  volume = {57}, 
  number = {2232-2240}, 
  year = {2020}, 
  issn = {1000-1239}, 
  doi ={} 
}

@article{ZXG_Air_privacy, 
  author = {周星光 and 刘一}, 
  title = {面向航空差旅消费的可监管交易隐私保护方案}, 
  journal = {计算机应用研究}, 
  volume = {39}, 
  number = {1207-1212}, 
  year = {2022}, 
  issn = {1001-3695}, 
  doi ={10.19734/j.issn.1001-3695.2021.07.0382} 
}

% 这个提出了密钥交换算法
@article{brakerski2014leveled,
  title={(Leveled) fully homomorphic encryption without bootstrapping},
  author={Brakerski, Zvika and Gentry, Craig and Vaikuntanathan, Vinod},
  journal={ACM Transactions on Computation Theory (TOCT)},
  volume={6},
  number={3},
  pages={1--36},
  year={2014},
  publisher={ACM New York, NY, USA}
}
